@article{dowling1975whitney,
  title={Whitney number inequalities for geometric lattices},
  author={Dowling, Thomas A and Wilson, Richard M},
  journal={Proceedings of the American Mathematical Society},
  volume={47},
  number={2},
  pages={504--512},
  year={1975}
}

@article{bruhn2013axioms,
  title={Axioms for infinite matroids},
  author={Bruhn, Henning and Diestel, Reinhard and Kriesell, Matthias and Pendavingh, Rudi and Wollan, Paul},
  journal={Advances in Mathematics},
  volume={239},
  pages={18--46},
  year={2013},
  publisher={Elsevier}
}



@article{aguiar2006combinatorial,
  title={Combinatorial Hopf algebras and generalized Dehn--Sommerville relations},
  author={Aguiar, Marcelo and Bergeron, Nantel and Sottile, Frank},
  journal={Compositio Mathematica},
  volume={142},
  number={1},
  pages={1--30},
  year={2006},
  publisher={London Mathematical Society}
}

@book{aguiar2010monoidal,
  title={Monoidal functors, species and Hopf algebras},
  author={Aguiar, Marcelo and Mahajan, Swapneel Arvind},
  volume={29},
  year={2010},
  publisher={American Mathematical Society Providence, RI}
}

@article{aguiar2017hopf,
  title={Hopf monoids and generalized permutahedra},
  author={Aguiar, Marcelo and Ardila, Federico},
  journal={arXiv preprint arXiv:1709.07504},
  year={2017}
}

@article{benedetti2017antipodes,
  title={Antipodes and involutions},
  author={Benedetti, Carolina and Sagan, Bruce E},
  journal={Journal of Combinatorial Theory, Series A},
  volume={148},
  pages={275--315},
  year={2017},
  publisher={Elsevier}
}




@article{malvenuto1995duality,
  title={Duality between quasi-symmetrical functions and the solomon descent algebra},
  author={Malvenuto, Clauda and Reutenauer, Christophe},
  journal={Journal of Algebra},
  volume={177},
  number={3},
  pages={967--982},
  year={1995},
  publisher={Elsevier}
}
